@article{williams1999nitrogen,
  title={Nitrogen-phosphorus interactions in peat},
  author={Williams, BL and Silcock, DJ and Young, ME},
  journal={{\'E}cologie},
  volume={30},
  number={1},
  pages={19},
  year={1999},
  publisher={Soci{\'e}t{\'e} fran{\c{c}}aise d'{\'e}cologie}
}

@article{kleinschroth2017impacts,
  title={Impacts of logging roads on tropical forests},
  author={Kleinschroth, Fritz and Healey, John R},
  journal={Biotropica},
  volume={49},
  number={5},
  pages={620--635},
  year={2017},
  publisher={Wiley Online Library}
}

@article{alldred2016effects,
  title={Effects of invasive-plant management on nitrogen-removal services in freshwater tidal marshes},
  author={Alldred, Mary and Baines, Stephen B and Findlay, Stuart},
  journal={PloS one},
  volume={11},
  number={2},
  pages={e0149813},
  year={2016},
  publisher={Public Library of Science San Francisco, CA USA}
}

@article{akhloufi2020unmanned,
  title={Unmanned Aerial Systems for Wildland and Forest Fires},
  author={Akhloufi, Moulay A and Castro, Nicolas A and Couturier, Andy},
  journal={arXiv preprint arXiv:2004.13883},
  year={2020}
}

@article{junk2006comparative,
  title={The comparative biodiversity of seven globally important wetlands: a synthesis},
  author={Junk, Wolfgang J and Brown, Mark and Campbell, Ian C and Finlayson, Max and Gopal, Brij and Ramberg, Lars and Warner, Barry G},
  journal={Aquatic Sciences},
  volume={68},
  pages={400--414},
  year={2006},
  publisher={Springer}
}

@article{pott2011plant,
  title={Plant diversity of the Pantanal wetland},
  author={Pott, Arnildo and Oliveira, Ademir KM and Damasceno-Junior, Geraldo A and Silva, Jo{\~a}o SV},
  journal={Brazilian journal of biology},
  volume={71},
  pages={265--273},
  year={2011},
  publisher={SciELO Brasil}
}

@misc{wetlands_conservancy,
  author = {{The Wetlands Conservancy}},
  title = {Animals},
  year = {2024},
  url = {https://www.wetlandsconservancy.org/animals},
  note = {Accessed: 2024-07-30}
}
@article{kavcergyte2021evaluating,
  title={Evaluating created wetlands for bird diversity and reproductive success},
  author={Ka{\v{c}}ergyt{\.e}, Ineta and Arlt, Debora and Berg, {\AA}ke and {\.Z}mihorski, Micha{\l} and Knape, Jonas and Rosin, Zuzanna M and P{\"a}rt, Tomas},
  journal={Biological Conservation},
  volume={257},
  pages={109084},
  year={2021},
  publisher={Elsevier}
}

@article{li2022heavy,
  title={Heavy metal pollution in coastal wetlands: A systematic review of studies globally over the past three decades},
  author={Li, Chunming and Wang, Hanchen and Liao, Xiaolin and Xiao, Rong and Liu, Kehui and Bai, Junhong and Li, Bo and He, Qiang},
  journal={Journal of Hazardous Materials},
  volume={424},
  pages={127312},
  year={2022},
  publisher={Elsevier}
}
@article{mao2018china,
  title={China's wetlands loss to urban expansion},
  author={Mao, Dehua and Wang, Zongming and Wu, Jianguo and Wu, Bingfang and Zeng, Yuan and Song, Kaishan and Yi, Kunpeng and Luo, Ling},
  journal={Land degradation \& development},
  volume={29},
  number={8},
  pages={2644--2657},
  year={2018},
  publisher={Wiley Online Library}
}

@article{batzer2000influences,
  title={Influences of riparian logging on plants and invertebrates in small, depressional wetlands of Georgia, USA},
  author={Batzer, Darold P and Jackson, C Rhett and Mosner, Melinda},
  journal={Hydrobiologia},
  volume={441},
  pages={123--132},
  year={2000},
  publisher={Springer}
}
@misc{wa_ecology_wetlands_climate_change,
  author = {{Washington State Department of Ecology}},
  title = {Wetlands and Climate Change},
  year = {2024},
  url = {https://ecology.wa.gov/water-shorelines/wetlands/tools-resources/wetlands-climate-change#:~:text=Wetlands%20are%20vulnerable%20to%20climate%20change&text=Coastal%20wetlands%20will%20also%20be,manage%20water%20quality%20and%20flooding.},
  note = {Accessed: 2024-07-30}
}



@article{grime1998benefits,
  title={Benefits of plant diversity to ecosystems: immediate, filter and founder effects},
  author={Grime, JP},
  journal={Journal of Ecology},
  volume={86},
  number={6},
  pages={902--910},
  year={1998},
  publisher={Wiley Online Library}
}

@article{das2018fish,
  title={Fish diversity and the conservation status of a wetland of Cooch Behar District, West Bengal, India},
  author={Das, Ram Krishna},
  journal={Journal of Threatened Taxa},
  volume={10},
  number={3},
  pages={11423--11431},
  year={2018}
}

